<?xml version="1.0" encoding="UTF-8"?><collection xmlns="http://www.loc.gov/MARC21/slim"><record><leader>00328nam--2200133-i-4500</leader><controlfield tag="001">000043922</controlfield><controlfield tag="002">20161230</controlfield><controlfield tag="005">20161230201044</controlfield><controlfield tag="008">060222s1000------------r-----000-0-eng-d</controlfield><datafield ind1=" " ind2=" " tag="080"><subfield code="a">517.2/3+517.512.2</subfield></datafield><datafield ind1=" " ind2=" " tag="100"><subfield code="a">Taylor,Angus E</subfield></datafield><datafield ind1=" " ind2=" " tag="245"><subfield code="a">Advanced calculus</subfield></datafield><datafield ind1=" " ind2=" " tag="260"><subfield code="a">New York, Ginn And Co.,1955. Xiii + 786 P</subfield></datafield><datafield ind1=" " ind2=" " tag="852"><subfield code="a">11181</subfield></datafield></record></collection>